<?xml version="1.0" encoding="UTF-8"?><collection xmlns="http://www.loc.gov/MARC21/slim"><record><leader>00493nam--2200169-i-4500</leader><controlfield tag="001">000000164</controlfield><controlfield tag="002">20161230</controlfield><controlfield tag="005">20161230201023</controlfield><controlfield tag="008">060222s1000------------r-----000-0-eng-d</controlfield><datafield ind1=" " ind2=" " tag="040"><subfield code="a">IFIN-HH</subfield></datafield><datafield ind1=" " ind2=" " tag="080"><subfield code="a">53</subfield></datafield><datafield ind1="1" ind2=" " tag="100"><subfield code="a">Fryshman, Bernard</subfield></datafield><datafield ind1="1" ind2="0" tag="245"><subfield code="a">Problem solving in physical science: for non-science majors</subfield><subfield code="c">Bernard fryshman</subfield></datafield><datafield ind1=" " ind2=" " tag="260"><subfield code="a">Reading, Massachusetts</subfield><subfield code="b">Addison-wesley Publishing Company</subfield><subfield code="c">1970</subfield></datafield><datafield ind1=" " ind2=" " tag="300"><subfield code="a">VIII + 211 P</subfield></datafield><datafield ind1=" " ind2=" " tag="852"><subfield code="a">34971</subfield><subfield code="c">53</subfield></datafield><datafield ind1=" " ind2=" " tag="CAT"><subfield code="a">Sys</subfield><subfield code="c">20150310</subfield><subfield code="h">115304</subfield></datafield></record></collection>